@article{schapire90,
  author = "Robert E. Schapire",
  title = "The Strength of Weak Learnability",
  journal = "Machine Learning",
  volume = "5",
  pages = "197-227",
  year = "1990"
}

@inproceedings{zinkevich03,
  author = 		  {Martin Zinkevich},
  title = 		  {Online convex programming and generalized infinitesimal gradient ascent},
  booktitle = {Proceedings of the International Conference on Machine Learning},
  year = 	  {2003},
  editor = 	  {Tom Fawcett and Nina Mishra},
  volume = 	  {20}
}

@phdthesis{kearns89,
  author = {Michael J. Kearns},
  title =  {Computational Complexity of Machine Learning},
  school = {Department of Computer Science, Harvard University},
  year =   {1989}
}


@techreport{neal93,
  author = 		  {Radford Neal},
  title = 		  {Probabilistic Inference Using {M}arkov {C}hain {M}onte {C}arlo Methods},
  institution =  {Dept. of Computer Science, University of Toronto},
  year = 		  {1993},
  number = 	     {CRG-TR-93-1}
}


@misc{bishop07,
  title= {Suppressed for anonymity},
  author= {Anonymous Authors},
  year= {1900}
}

@misc{NetFlixPrize,
  author={Netflix},
  title={{N}etflix Prize web site},
  year={2007},
  note={Available at http://www.netflixprize.com/; accessed 23 November, 2009}
}

@inproceedings { lecun-98b,
original =    "orig/lecun-98b.ps.gz",
author = 	"LeCun, Y. and Bottou, L. and Orr, G. and Muller, K.",
title = 	"Efficient BackProp",
booktitle =	"Neural Networks: Tricks of the trade",
editor =        "Orr, G. and Muller K.",
publisher =     "Springer",
year =		1998
}
